@book{dahl1972structured,
	editor = {Dahl, O. J. and Dijkstra, E. W. and Hoare, C. A. R.},
	title = {Structured Programming},
	year = {1972},
	isbn = {0-12-200550-3},
	source = {Library of Congress Catalog Card Number: 72-84452},
	publisher = {Academic Press Ltd.},
	address = {London, UK, UK}
}

@book{cormen2009algorithms,
	author = {Cormen, Thomas H. and Leiserson, Charles E. and Rivest, Ronald L. and Stein, Clifford},
	title = {Introduction to Algorithms, Third Edition},
	year = {2009},
	isbn = {978-0-262-53305-8},
	edition = {3rd},
	publisher = {The MIT Press}
}

@incollection{dijkstra1979goto,
	author = {Dijkstra, E.},
	chapter = {Go to Statement Considered Harmful},
	title = {Classics in Software Engineering},
	editor = {Yourdon, Edward Nash},
	year = {1979},
	isbn = {0-917072-14-6},
	pages = {27--33},
	numpages = {7},
	url = {http://dl.acm.org/citation.cfm?id=1241515.1241518},
	acmid = {1241518},
	publisher = {Yourdon Press},
	address = {Upper Saddle River, NJ, USA}
}

@article{krasner1988mvc,
	author = {Krasner, Glenn E. and Pope, Stephen T.},
	title = {A Cookbook for Using the Model-View-Controller User Interface Paradigm in Smalltalk-80},
	journal = {J. Object Oriented Program.},
	issue_date = {Aug./Sept. 1988},
	volume = {1},
	number = {3},
	month = aug,
	year = {1988},
	issn = {0896-8438},
	pages = {26--49},
	numpages = {24},
	url = {http://dl.acm.org/citation.cfm?id=50757.50759},
	acmid = {50759},
	publisher = {SIGS Publications},
	address = {Denville, NJ, USA}
} 


@misc{nextjs,
  title        = {Next.js},
  author       = {Vercel},
  howpublished = {\url{https://nextjs.org}}
}

@misc{react,
  title        = {React - A JavaScript library for building user interfaces},
  author       = {Meta Platforms, Inc.},
  year         = {2024},
  howpublished = {\url{https://react.dev}}
}


@misc{typescript,
  title        = {TypeScript - JavaScript with syntax for types},
  author       = {Microsoft},
  year         = {2024},
  howpublished = {\url{https://www.typescriptlang.org}}
}


@misc{tailwindcss,
  title        = {Tailwind CSS - A utility-first CSS framework for rapid UI development},
  author       = {Tailwind Labs, Inc.},
  year         = {2024},
  howpublished = {\url{https://tailwindcss.com}}
}

@misc{mongodb,
  title        = {MongoDB - A NoSQL database for modern applications},
  author       = {MongoDB, Inc.},
  year         = {2024},
  howpublished = {\url{https://www.mongodb.com}}
}

@misc{mongoose,
  title        = {Mongoose - Elegant MongoDB object modeling for Node.js},
  author       = {Mongoose Developers},
  year         = {2024},
  howpublished = {\url{https://mongoosejs.com}}
}

@misc{clerk,
  title        = {Clerk - Authentication and user management for modern web applications},
  author       = {Clerk, Inc.},
  year         = {2024},
  howpublished = {\url{https://clerk.com}}
}


@misc{uploadthing,
  title        = {Uploadthing - File upload for modern web apps},
  author       = {Uploadthing Developers},
  year         = {2024},
  howpublished = {\url{https://uploadthing.com}}
}

@misc{stripe,
  title        = {Stripe - Online payment processing for internet businesses},
  author       = {Stripe, Inc.},
  year         = {2024},
  howpublished = {\url{https://stripe.com}}
}

@misc{nodejs,
  title        = {Node.js - JavaScript runtime built on Chrome's V8 engine},
  author       = {OpenJS Foundation},
  year         = {2024},
  howpublished = {\url{https://nodejs.org}}
}

@misc{javascript,
  title        = {JavaScript - High-level, often just-in-time compiled, and multi-paradigm programming language},
  author       = {Brendan Eich},
  year         = {2024},
  howpublished = {\url{https://developer.mozilla.org/en-US/docs/Web/JavaScript}}
}

@misc{npm,
  title        = {npm - The Node.js package manager},
  author       = {npm, Inc.},
  year         = {2024},
  howpublished = {\url{https://www.npmjs.com}}
}

@misc{reacthookform,
  title        = {React Hook Form - Performant, flexible, and extensible forms with easy-to-use validation},
  author       = {React Hook Form Developers},
  year         = {2024},
  howpublished = {\url{https://react-hook-form.com}}
}

@misc{zod,
  title        = {Zod - TypeScript-first schema validation with static type inference},
  author       = {Zod Developers},
  year         = {2024},
  howpublished = {\url{https://zod.dev}}
}

@misc{radixui,
  title        = {Radix UI - Accessible, unstyled, and composable React components},
  author       = {Radix UI Developers},
  year         = {2024},
  howpublished = {\url{https://www.radix-ui.com}}
}

@misc{reactdatepicker,
  title        = {React DatePicker - Date and time selection component for React},
  author       = {React DatePicker Developers},
  year         = {2024},
  howpublished = {\url{https://reactdatepicker.com}}
}

@misc{git,
  title        = {Git - Distributed version control system},
  author       = {Linus Torvalds and Git Contributors},
  year         = {2024},
  howpublished = {\url{https://git-scm.com}}
}

@misc{postman,
  title        = {Postman - API platform for building and using APIs},
  author       = {Postman, Inc.},
  year         = {2024},
  howpublished = {\url{https://www.postman.com}}
}

@misc{nextjs_project_structure,
  title        = {Project Structure - Next.js Documentation},
  author       = {Vercel},
  year         = {2024},
  howpublished = {\url{https://nextjs.org/docs/app/getting-started/project-structure}}
}

@misc{supertest,
  title        = {Supertest - Super-agent driven library for testing HTTP servers},
  author       = {VisionMedia},
  year         = {2024},
  howpublished = {\url{https://github.com/visionmedia/supertest}}
}

@misc{mongoose_deletemany,
  title        = {Mongoose: deleteMany - Delete multiple documents from a collection},
  author       = {Mongoose Developers},
  year         = {2024},
  howpublished = {\url{https://mongoosejs.com/docs/api.html\#model_Model-deleteMany}}
}